@inproceedings{kuper2013lvars,
  title={LVars: lattice-based data structures for deterministic parallelism},
  author={Kuper, Lindsey and Newton, Ryan R},
  booktitle={Proceedings of the 2nd ACM SIGPLAN workshop on Functional high-performance computing},
  pages={71--84},
  year={2013},
  organization={ACM}
}

@article{nikhil1989structures,
  title={I-structures: Data structures for parallel computing},
  author={Nikhil, Rishiyur S and Pingali, Keshav K and others},
  journal={ACM Transactions on Programming Languages and Systems (TOPLAS)},
  volume={11},
  number={4},
  pages={598--632},
  year={1989},
  publisher={ACM}
}
